@Book{kernighan:thecprogramminglanguage,
	author    = 	"Brian W. Kernhighan and Dennis M. Ritchie",
	title     = 	"The C programming language, Second Edition",
	publisher = 	"Prenntice-Hall",
	year      =	1988
}

@Book{summerfield:go,
  author =  "Mark Summerfield",
  title =   "Programming in Go: Creating Application for the 21st Century",
  publisher = "Addison-Wesley Professional",
  year = 2012
}

@Article{hoare1978,
  author =  {C.A.R. Hoare},
  title =   {Communicating Sequential Processes},
  journal = {Communication of the ACM},
  year =    {1978},
  OPTpages ={666-677}
}

@Article{moore1965,
  author =  {Gordon E. Moore},
  title =   {Cramming more components onto integrated cicuits},
  journal = {Electronics, Volume 38, Number 8},
  year =    {1965}
}

@Article{hudson2014,
  author = {Richar L. Hudson},
  title = {Go 1.4+ Garbage Collection (GC) Plan and Roadmap},
  journal = {golang.org/s/go14gc},
  year = {2014}
}
